@misc{inc., title={AtCoder Heuristic Contest 002}, url={https://atcoder.jp/contests/ahc002}, journal={AtCoder}, author={Inc., AtCoder}}

@misc{wikipedia, title={深度優先搜尋}, url={https://zh.wikipedia.org/zh-tw/深度优先搜索?oldformat=true}, journal={Wikipedia}, publisher={Wikimedia Foundation}}


@incollection{van1987simulated,
  title={Simulated annealing},
  author={Van Laarhoven, Peter JM and Aarts, Emile HL},
  booktitle={Simulated annealing: Theory and applications},
  pages={7--15},
  year={1987},
  publisher={Springer}
}
